<record><leader>00000cas a22000007a 4500</leader><controlfield tag="001">23025699</controlfield><controlfield tag="008">910129d184518uunhuwr ne      0    0eng d</controlfield><datafield ind1=" " ind2=" " tag="010"><subfield code="a">sn 90062636 </subfield></datafield><datafield ind1=" " ind2=" " tag="040"><subfield code="a">NVH</subfield><subfield code="b">eng</subfield><subfield code="c">NVH</subfield><subfield code="d">OCLCQ</subfield></datafield><datafield ind1="0" ind2="0" tag="245"><subfield code="a">Putney's weekly advertiser.</subfield></datafield><datafield ind1=" " ind2=" " tag="260"><subfield code="a">Manchester, N.H. :</subfield><subfield code="b">William A. Putney</subfield></datafield><datafield ind1=" " ind2=" " tag="300"><subfield code="a">v.</subfield></datafield><datafield ind1=" " ind2=" " tag="310"><subfield code="a">Weekly</subfield></datafield><datafield ind1="0" ind2=" " tag="362"><subfield code="a">Vol. 1, no. 1 (June 3, 1845)-</subfield></datafield><datafield ind1=" " ind2=" " tag="752"><subfield code="a">United States</subfield><subfield code="b">New Hampshire</subfield><subfield code="c">Hillsborough</subfield><subfield code="d">Manchester.</subfield></datafield></record>